
@misc{Base64,
   author = "Wikipedia contributors",
    title = "Base64 --- Wikipedia{,} The Free Encyclopedia",
    year = "2018",
    url = "https://en.wikipedia.org/w/index.php?title=Base64&oldid=825294508",
    note = "[Online; accessed 21-February-2018]"
  }
  
  
@misc{Cyphers,
    author = "Wikipedia contributors",
    title = "Classical cipher --- Wikipedia{,} The Free Encyclopedia",
    year = "2017",
    url = "https://en.wikipedia.org/w/index.php?title=Classical_cipher&oldid=785816814",
    note = "[Online; accessed 26-February-2018]"
  }

@misc{ROT13,
    author = "Wikipedia contributors",
    title = "ROT13 --- Wikipedia{,} The Free Encyclopedia",
    year = "2017",
    url = "https://en.wikipedia.org/w/index.php?title=ROT13&oldid=813563689",
    note = "[Online; accessed 26-February-2018]"
  }
  
@misc{Affine,
    author = "Wikipedia contributors",
    title = "Affine cipher --- Wikipedia{,} The Free Encyclopedia",
    year = "2018",
    url = "https://en.wikipedia.org/w/index.php?title=Affine_cipher&oldid=826210212",
    note = "[Online; accessed 26-February-2018]"
  }
  
  
@misc{w3schools,
  	title = "Styling Lists and Creating Nav Bars",
  	author = "Budd, Andy and Collison, Simon and Moll, Cameron",
  	booktitle = "CSS Mastery",
  	pages = "133--172",
  	year = "2009",
  	publisher = "Springer",
  	note = "[Online; accessed 26-February-2018]"
  }
  
  